@inproceedings{sutskever2013importance,
  title={On the importance of initialization and momentum in deep learning},
  author={Sutskever, Ilya and Martens, James and Dahl, George and Hinton, 
Geoffrey},
  booktitle={International conference on machine learning},
  pages={1139--1147},
  year={2013}
}

@article{meinshausen2006quantile,
  title={Quantile regression forests},
  author={Meinshausen, Nicolai},
  journal={Journal of Machine Learning Research},
  volume={7},
  number={Jun},
  pages={983--999},
  year={2006}
}

@article{coelho2016higher,
  title={Higher incidence of Zika in adult women than adult men in Rio de 
Janeiro suggests a significant contribution of sexual transmission from men to 
women},
  author={Coelho, Flavio Code{\c{c}}o and Durovni, Betina and Saraceni, Valeria 
and Lemos, Cristina and Codeco, Claudia Torres and Camargo, Sabrina and De 
Carvalho, Luiz Max and Bastos, Leonardo and Arduini, Denise and Villela, Daniel 
AM and others},
  journal={International Journal of Infectious Diseases},
  volume={51},
  pages={128--132},
  year={2016},
  publisher={Elsevier}
}
